1015646010468 0412005551308270000M094101                       Gardiner Trane HVAC -DB04120055
5200Gardiner Trane H                    1340901876PPD          130827090302   1041200550000001
622191111111191991919191     0000011100eft1           Test EFT Vendor       000041200550000001
820000000101911111110000000000000000000111001340901876                         041200550000001
9000001000001000000010191111111000000000000000000011100                                       
9999999999999999999999999999999999999999999999999999999999999999999999999999999999999999999999
9999999999999999999999999999999999999999999999999999999999999999999999999999999999999999999999
9999999999999999999999999999999999999999999999999999999999999999999999999999999999999999999999
9999999999999999999999999999999999999999999999999999999999999999999999999999999999999999999999
9999999999999999999999999999999999999999999999999999999999999999999999999999999999999999999999