101 05400003052-12772631307082332A094101                    PNC  Cathy's Cleaning Srvc        
5200CATHY'S CLEANING    INTERNAL DATA...52-1277263PPDDIRECT-DEP130708130712   1054000030000001
622052001633004463476659     00000127501009           Lisa Hicks              0000000000000001
6220313029559836726498       00000135381322           Sharon Seymour          0000000000000002
622052000113202281273        00000041251683           Deanna Morse            0000000000000003
6220520016335045355          00000249751756           Kelly Oliver            0000000000000004
62205200011361029552         00000039751784           Ruth Jones              0000000000000005
6222550719811333208227       00000247501824           Bridget Flick           0000000000000006
62205200011316911437         00000071501835           Suzette Peele           0000000000000007
622052001633003923991659     00000169001978           Jennifer Cavin          0000000000000008
6220540000305312883781       00000117002024           Janet Loyet             0000000000000009
6222550767538007587074       00000097502063           Kim Ward                0000000000000010
6220520001139852482901       00000117002072           Lisa Cheek              0000000000000011
6220212000251030232896679    00000117002082           Elizabeth Kieffer       0000000000000012
6220520001139852287342       00000091002108           Charlene Thigpen        0000000000000013
6220550032011010177457452    00000182002141           Justine Owens           0000000000000014
6222550719810163365806       00000169002154           Jennifer Lamprey        0000000000000015
622052001633446022829522     00000078002181           Pam Booth               0000000000000016
6222550767531117496788       00000149502188           Angela Carey            0000000000000017
6220520001130205163360       00000156002189           Renaira Purnell-Young   0000000000000018
62205200011316742682         00000097502207           Nicole Nivens           0000000000000019
6220550032011034328886612    00000032502223           Gail Inak               0000000000000020
6220531011215156081193       00000143002259           Hannah Sawyer           0000000000000021
6222520767145655444          00000026002260           Shantell Martin         0000000000000022
622052001633004466752105     00000149502269           Teresa King             0000000000000023
6220550032011034612317185    00000130002290           Pamela Genall Haley     0000000000000024
6222550767531116327034       00000052002291           Bernadette Ollie Willi  0000000000000025
622052001633446023228342     00000078002295           Brittany Le'Rae Johnso  0000000000000026
6220550032011010242858119    00000036002297           Debra Ellen French      0000000000000027
6220550027071000099971755    00000156002304           Nancy Lee Willis        0000000000000028
6220550032011010313080845    00000169002318           Heather Beck            0000000000000029
6220550027071000147134331    00000117002330           Noelle S Smith          0000000000000030
6222560749747022174655       00000091002334           Emily Renee James       0000000000000031
6222630792767502732465       00000024002341           Rhonda Renee Rodriguez  0000000000000032
6222540701166738532393       00000217502342           Delores C Frazier       0000000000000033
6220520001139854492619       00000042002346           Vicki Elaine Anderson   0000000000000034
62205200011318644770         00000150002349           Laura Jean Vandenhuerk  0000000000000035
6222550773703090552021       00000149502354           Sandra  Leigh Smith     0000000000000036
6220550032019247532378       00000175502355           Johanna Virginia Weith  0000000000000037
622052001633446009971862     00000208002359           Patricia Mae Armstrong  0000000000000038
62222207983514960000009504   00000084502360           Faith Yvonne Matranga   0000000000000039
6220520021669108482460       00000136502364           Felicia Denise Thomas   0000000000000040
62225507783311600002701385   00000136502370           Alfreda Watson Miller   0000000000000041
6220520001139848611092       00000138002379           Jennifer Lynn Gonzalez  0000000000000042
6220214091694104891292496212 00000132002384           Linda Marie Henderson   0000000000000043
8200000043045899628500000000000000000052271352-1277263                         054000030000001
9000001000001000000430458996285           0      522713                                       
9999999999999999999999999999999999999999999999999999999999999999999999999999999999999999999999
