101 05400003052-12772631307022356A094101                    PNC  Cathy's Cleaning Srvc        
5200CATHY'S CLEANING    INTERNAL DATA...52-1277263PPDDIRECT-DEP130702130705   1054000030000001
622252070299010049200        0000005338845            Renee Hill              0000000000000001
622052001633004463476659     00000060001009           Lisa Hicks              0000000000000002
6220313029559836726498       00000078381322           Sharon Seymour          0000000000000003
6220520016335045355          00000297001756           Kelly Oliver            0000000000000004
62205200011361029552         00000026501784           Ruth Jones              0000000000000005
6222550719811333208227       00000150001824           Bridget Flick           0000000000000006
6220540000305557196613       00000042001928           Beth Collins            0000000000000007
622052001633003923991659     00000078001978           Jennifer Cavin          0000000000000008
6220540000305312883781       00000169002024           Janet Loyet             0000000000000009
6222550767538007587074       00000260002063           Kim Ward                0000000000000010
6220520001139852482901       00000110502072           Lisa Cheek              0000000000000011
6220520001139852287342       00000286002108           Charlene Thigpen        0000000000000012
6220550032011010177457452    00000221002141           Justine Owens           0000000000000013
6222550719810163365806       00000221002154           Jennifer Lamprey        0000000000000014
622052001633446022829522     00000143002181           Pam Booth               0000000000000015
6220520001130205163360       00000026002189           Renaira Purnell-Young   0000000000000016
6220550032011034328886612    00000084502223           Gail Inak               0000000000000017
6220531011215156081193       00000117002259           Hannah Sawyer           0000000000000018
6222520767145655444          00000045502260           Shantell Martin         0000000000000019
622052001633004466752105     00000208002269           Teresa King             0000000000000020
6220550032011034612317185    00000123502290           Pamela Genall Haley     0000000000000021
6220550032011010242858119    00000210002297           Debra Ellen French      0000000000000022
6220550027071000099971755    00000292502304           Nancy Lee Willis        0000000000000023
6220550032011010313080845    00000240502318           Heather Beck            0000000000000024
6220550027071000147134331    00000123502330           Noelle S Smith          0000000000000025
6222560749747022174655       00000221002334           Emily Renee James       0000000000000026
6222630792767502732465       00000078002341           Rhonda Renee Rodriguez  0000000000000027
6222540701166738532393       00000090002342           Delores C Frazier       0000000000000028
62205200011318644770         00000060002349           Laura Jean Vandenhuerk  0000000000000029
6220550032019247532378       00000188502355           Johanna Virginia Weith  0000000000000030
622052001633446009971862     00000260002359           Patricia Mae Armstrong  0000000000000031
62222207983514960000009504   00000110502360           Faith Yvonne Matranga   0000000000000032
6220540000305310780009       00000045502361           Michelle Anne Mechura   0000000000000033
6220520021669108482460       00000097502364           Felicia Denise Thomas   0000000000000034
62225507783311600002701385   00000169002370           Alfreda Watson Miller   0000000000000035
6220520001139848611092       00000180002379           Jennifer Lynn Gonzalez  0000000000000036
6220214091694104891292496212 00000054002384           Linda Marie Henderson   0000000000000037
6220550032011010122315837    0000033204CW-13          MARY COHEN              0000000000000038
6220540000305565095564       0000020000CW-29          CATHY MUDD              0000000000000039
6220540000305312132777       0000093896CW-125         MARIA HERRERA           0000000000000040
6220540000305312693216       0000059580CW-144         LAURA HERRERA           0000000000000041
6220520001139852703751       0000104406CW-234         BRITTANY LEIGH WELSH    0000000000000042
8200000042041726036400000000000000000083316252-1277263                         054000030000001
9000001000001000000420417260364           0      833162                                       
9999999999999999999999999999999999999999999999999999999999999999999999999999999999999999999999
