101 07241310422744011991607280253A094101WEST MICHIGAN COMMUNIT CITY2SHORE REAL ESTATE 20160728
5200CITY2SHORE REAL 000000000000201607282274401199PPDCOMMISSION160728160729   1072413100000001
62207241384543018073         0001134000000000000000035Chris and Laura Carr    0072413100000001
6270724131047000333          0001134000000000000000001City2Shore Real Estate  0072413100000002
820000000200072413840000011340000000011340002274401199                         072413100000001
9000001000001000000020007241384000001134000000001134000                                       
9999999999999999999999999999999999999999999999999999999999999999999999999999999999999999999999
9999999999999999999999999999999999999999999999999999999999999999999999999999999999999999999999
9999999999999999999999999999999999999999999999999999999999999999999999999999999999999999999999
9999999999999999999999999999999999999999999999999999999999999999999999999999999999999999999999
