101 07241384522744011991602100936A094101MACATAWA BANK          CITY2SHORE REAL ESTATE 20160210
5220CITY2SHORE REAL 000000000000201602102274401199CCDCOMMISSION160210160211   1072413840000001
62207241384542010581         00000001901              CityShore Real Estate   0072413840000001
822000000100072413840000000000000000000001902274401199                         072413840000001
5220CITY2SHORE REAL 000000000000201602102274401199PPDCOMMISSION160210160211   1072413840000002
622272480678101013280641     000000007625             Mark and Kristy Dekker  0072413840000002
62207240347302156052641      000000065954             Kellen Keck             0072413840000003
622272480678104009553143     00000000147              Craig D Geers           0072413840000004
822000000300617364810000000000000000000007492274401199                         072413840000002
9000002000002000000040068977865000000000000000000000939                                       
9999999999999999999999999999999999999999999999999999999999999999999999999999999999999999999999
9999999999999999999999999999999999999999999999999999999999999999999999999999999999999999999999
9999999999999999999999999999999999999999999999999999999999999999999999999999999999999999999999
9999999999999999999999999999999999999999999999999999999999999999999999999999999999999999999999
9999999999999999999999999999999999999999999999999999999999999999999999999999999999999999999999
9999999999999999999999999999999999999999999999999999999999999999999999999999999999999999999999
9999999999999999999999999999999999999999999999999999999999999999999999999999999999999999999999
9999999999999999999999999999999999999999999999999999999999999999999999999999999999999999999999
9999999999999999999999999999999999999999999999999999999999999999999999999999999999999999999999
9999999999999999999999999999999999999999999999999999999999999999999999999999999999999999999999
