101 07241384522744011991606030300A094101MACATAWA BANK          CITY2SHORE REAL ESTATE 20160603
5220CITY2SHORE REAL 000000000000201606032274401199CCDCOMMISSION160603160606   1072413840000001
62207241384542010581         000056970036             CityShore Real Estate   0072413840000001
62207241384542012188         00000221341              City2Shore Real Estate  0072413840000002
822000000200144827680000000000000000005918342274401199                         072413840000001
5220CITY2SHORE REAL 000000000000201606032274401199PPDCOMMISSION160603160606   1072413840000002
62207240347302156052641      000029511354             Kellen Keck             0072413840000003
622272480678104009553143     00000063247              Craig D Geers           0072413840000004
622272480678101013280641     000003414925             Mark and Kristy Dekker  0072413840000005
822000000300617364810000000000000000003355862274401199                         072413840000002
9000002000002000000050076219249000000000000000000927420                                       
9999999999999999999999999999999999999999999999999999999999999999999999999999999999999999999999
9999999999999999999999999999999999999999999999999999999999999999999999999999999999999999999999
9999999999999999999999999999999999999999999999999999999999999999999999999999999999999999999999
9999999999999999999999999999999999999999999999999999999999999999999999999999999999999999999999
9999999999999999999999999999999999999999999999999999999999999999999999999999999999999999999999
9999999999999999999999999999999999999999999999999999999999999999999999999999999999999999999999
9999999999999999999999999999999999999999999999999999999999999999999999999999999999999999999999
9999999999999999999999999999999999999999999999999999999999999999999999999999999999999999999999
9999999999999999999999999999999999999999999999999999999999999999999999999999999999999999999999
