101 07241384522744011991602110220A094101MACATAWA BANK          CITY2SHORE REAL ESTATE 20160211
5220CITY2SHORE REAL 000000000000201602112274401199CCDCOMMISSION160211160212   1072413840000001
62207241384543018091         00000000601              City2Shore National Fr  0072413840000001
62207241384542012188         00000000491              City2Shore Real Estate  0072413840000002
822000000200144827680000000000000000000001092274401199                         072413840000001
5220CITY2SHORE REAL 000000000000201602112274401199PPDCOMMISSION160211160212   1072413840000002
622272480678101013280641     000000007625             Mark and Kristy Dekker  0072413840000003
62207240347302156052641      000000065854             Kellen Keck             0072413840000004
622272480678104009553143     00000000147              Craig D Geers           0072413840000005
822000000300617364810000000000000000000007482274401199                         072413840000002
9000002000002000000050076219249000000000000000000000857                                       
9999999999999999999999999999999999999999999999999999999999999999999999999999999999999999999999
9999999999999999999999999999999999999999999999999999999999999999999999999999999999999999999999
9999999999999999999999999999999999999999999999999999999999999999999999999999999999999999999999
9999999999999999999999999999999999999999999999999999999999999999999999999999999999999999999999
9999999999999999999999999999999999999999999999999999999999999999999999999999999999999999999999
9999999999999999999999999999999999999999999999999999999999999999999999999999999999999999999999
9999999999999999999999999999999999999999999999999999999999999999999999999999999999999999999999
9999999999999999999999999999999999999999999999999999999999999999999999999999999999999999999999
9999999999999999999999999999999999999999999999999999999999999999999999999999999999999999999999
