101 07241384522744011991603070300A094101MACATAWA BANK          CITY2SHORE REAL ESTATE 20160307
5220CITY2SHORE REAL 000000000000201603072274401199CCDCOMMISSION160307160308   1072413840000001
62207241384543018091         00000315001              City2Shore National Fr  0072413840000001
62207241384542012188         00000259091              City2Shore Real Estate  0072413840000002
822000000200144827680000000000000000000574092274401199                         072413840000001
5220CITY2SHORE REAL 000000000000201603072274401199PPDCOMMISSION160307160308   1072413840000002
622272480678102011240093     000031595085             Steve and Carol Burman  0072413840000003
62207241384543018073         000000740335             Chris and Laura Carr    0072413840000004
622072413845124008279        000003997428             Russ and Barbara Ellio  0072413840000005
822000000300417308350000000000000000003633272274401199                         072413840000002
9000002000002000000050056213603000000000000000000420736                                       
9999999999999999999999999999999999999999999999999999999999999999999999999999999999999999999999
9999999999999999999999999999999999999999999999999999999999999999999999999999999999999999999999
9999999999999999999999999999999999999999999999999999999999999999999999999999999999999999999999
9999999999999999999999999999999999999999999999999999999999999999999999999999999999999999999999
9999999999999999999999999999999999999999999999999999999999999999999999999999999999999999999999
9999999999999999999999999999999999999999999999999999999999999999999999999999999999999999999999
9999999999999999999999999999999999999999999999999999999999999999999999999999999999999999999999
9999999999999999999999999999999999999999999999999999999999999999999999999999999999999999999999
9999999999999999999999999999999999999999999999999999999999999999999999999999999999999999999999
