101 07241384522744011991602190300A094101MACATAWA BANK          CITY2SHORE REAL ESTATE 20160219
5220CITY2SHORE REAL 000000000000201602192274401199CCDCOMMISSION160219160222   1072413840000001
62207241384543018091         00000431551              City2Shore National Fr  0072413840000001
62207241384542012188         00000717001              City2Shore Real Estate  0072413840000002
62207240347301153355009      000024625710             Entrepreneur Enterpris  0072413840000003
822000000300217231150000000000000000003611122274401199                         072413840000001
5220CITY2SHORE REAL 000000000000201602192274401199PPDCOMMISSION160219160222   1072413840000002
622272480678104009553143     00000287007              Craig D Geers           0072413840000004
622272480678101013280641     000023251025             Mark and Kristy Dekker  0072413840000005
822000000200544961340000000000000000002612102274401199                         072413840000002
9000002000002000000050076219249000000000000000000622322                                       
9999999999999999999999999999999999999999999999999999999999999999999999999999999999999999999999
9999999999999999999999999999999999999999999999999999999999999999999999999999999999999999999999
9999999999999999999999999999999999999999999999999999999999999999999999999999999999999999999999
9999999999999999999999999999999999999999999999999999999999999999999999999999999999999999999999
9999999999999999999999999999999999999999999999999999999999999999999999999999999999999999999999
9999999999999999999999999999999999999999999999999999999999999999999999999999999999999999999999
9999999999999999999999999999999999999999999999999999999999999999999999999999999999999999999999
9999999999999999999999999999999999999999999999999999999999999999999999999999999999999999999999
9999999999999999999999999999999999999999999999999999999999999999999999999999999999999999999999
