101 07241384522744011991602150226A094101MACATAWA BANK          CITY2SHORE REAL ESTATE 20160215
5220CITY2SHORE REAL 000000000000201602152274401199CCDCOMMISSION160215160216   1072413840000001
62207241384543018091         00000255601              City2Shore National Fr  0072413840000001
62207241384542012188         00000594651              City2Shore Real Estate  0072413840000002
62207240347301153355009      000014607610             Entrepreneur Enterpris  0072413840000003
62207241384542010581         000013423236             CityShore Real Estate   0072413840000004
822000000400289644990000000000000000003653332274401199                         072413840000001
9000001000001000000040028964499000000000000000000365333                                       
9999999999999999999999999999999999999999999999999999999999999999999999999999999999999999999999
9999999999999999999999999999999999999999999999999999999999999999999999999999999999999999999999
