101 07241384522744011991603210300A094101MACATAWA BANK          CITY2SHORE REAL ESTATE 20160321
5220CITY2SHORE REAL 000000000000201603212274401199CCDCOMMISSION160321160322   1072413840000001
62207241384542010581         000037506036             CityShore Real Estate   0072413840000001
6220724000527977542393       000036056087             Jared Sebright          0072413840000002
62207240347301153355009      000056956410             Entrepreneur Enterpris  0072413840000003
62207241384542012188         00002304211              City2Shore Real Estate  0072413840000004
822000000400289631200000000000000000015356052274401199                         072413840000001
5220CITY2SHORE REAL 000000000000201603212274401199PPDCOMMISSION160321160322   1072413840000002
62207241384543018073         000004741835             Chris and Laura Carr    0072413840000005
822000000100072413840000000000000000000474182274401199                         072413840000002
9000002000002000000050036204504000000000000000001583023                                       
9999999999999999999999999999999999999999999999999999999999999999999999999999999999999999999999
9999999999999999999999999999999999999999999999999999999999999999999999999999999999999999999999
9999999999999999999999999999999999999999999999999999999999999999999999999999999999999999999999
9999999999999999999999999999999999999999999999999999999999999999999999999999999999999999999999
9999999999999999999999999999999999999999999999999999999999999999999999999999999999999999999999
9999999999999999999999999999999999999999999999999999999999999999999999999999999999999999999999
9999999999999999999999999999999999999999999999999999999999999999999999999999999999999999999999
9999999999999999999999999999999999999999999999999999999999999999999999999999999999999999999999
9999999999999999999999999999999999999999999999999999999999999999999999999999999999999999999999
