101 07241384522744011991602170243A094101MACATAWA BANK          CITY2SHORE REAL ESTATE 20160217
5220CITY2SHORE REAL 000000000000201602172274401199CCDCOMMISSION160217160218   1072413840000001
62207241384543018091         00000226801              City2Shore National Fr  0072413840000001
62207241384542012188         00000213191              City2Shore Real Estate  0072413840000002
822000000200144827680000000000000000000439992274401199                         072413840000001
5220CITY2SHORE REAL 000000000000201602172274401199PPDCOMMISSION160217160218   1072413840000002
62207240347302155820829      000024872483             Curtis and Kelli Rober  0072413840000003
6220724100132550484022       000003144621             Larissa Frody           0072413840000004
822000000200144813480000000000000000002801702274401199                         072413840000002
9000002000002000000040028964116000000000000000000324169                                       
