101 091803300 09180330015072113231094101STERLING BANK          STERLING BANK                  
5200CHETEK-WEYERHAEUPAYROLL             1271758032PPDPAYROLL   1507211507240001091803300000000
6220759037928005381          0000143742LENBOTAM0-NET  LENBOM, TAMMY J.        0091803300000001
6220759037928006967          0000082905HONG RIT0-NET  HONG, RITA M            0091803300000002
62207590379250003547400      0000131120BOGNAJOS0-NET  BOGNAR, JOSEPH M.       0091803300000003
6220759037929118795          0000059923VANREREN0-NET  VANREMMEN, RENEE A.     0091803300000004
6220918033004027604          0000010000LENBOTAM0-HSA ALENBOM, TAMMY J.        0091803300000005
63209180330090016696         0000005000LENBOTAM0-SAV 2LENBOM, TAMMY J.        0091803300000006
6320918033009238023          0000080000LENBOTAM0-SAVINLENBOM, TAMMY J.        0091803300000007
6220918033004027604          0000007250LENBOTAM0-HSA ELENBOM, TAMMY J.        0091803300000008
6220918033004027795          0000005000HONG RIT0-HSA AHONG, RITA M            0091803300000009
63209180330090001346         0000020000HONG RIT0-SAVINHONG, RITA M            0091803300000010
6220918033004027795          0000007250HONG RIT0-HSA EHONG, RITA M            0091803300000011
6220918033004028430          0000007250ZEMANLAW0-HSA EZEMAN, LAWRENCE         0091803300000012
622091803300371194           0000077632ANDERBAR0-NET  ANDERSON, BARBARA K.    0091803300000013
6220918033004028236          0000005000KRANSLIN0-HSA AKRANS, LINDA L.         0091803300000014
6220918033004028236          0000007250KRANSLIN0-HSA EKRANS, LINDA L.         0091803300000015
6220918033004038525          0000002500OLSONDOM0-HSA AOLSON, DOMINIQUE        0091803300000016
6220918033004038525          0000007250OLSONDOM0-HSA EOLSON, DOMINIQUE        0091803300000017
6220918033004038207          0000002750WESTBRAC0-HSA EWESTBERG, RACHEL        0091803300000018
6220918033004038185          0000015000JOHNSBRY0-HSA AJOHNSON, BRYAN J.       0091803300000019
6220918033004038185          0000007250JOHNSBRY0-HSA EJOHNSON, BRYAN J.       0091803300000020
6220918033004025202          0000065918SCHWAKAT0-NET  SCHWARZHUBER, KATIE L   0091803300000021
622091803300458214           0000219793MULDELIS0-NET  MULDERINK, LISA K       0091803300000022
6220918033004033566          0000005250JOHNSMAR1-HSA AJOHNSON, MARK           0091803300000023
6220918033004033566          0000007250JOHNSMAR1-HSA EJOHNSON, MARK           0091803300000024
622091803300450538           0000110716CLARKJOS0-NET  CLARK, JOSEPH C         0091803300000025
6220918033000004038800       0000007250FJELSKOL0-HSA EFJELSTAD, KOLL D        0091803300000026
6220918033004023366          0000065685JOHNSREN0-NET  JOHNSTON, RENEE E       0091803300000027
622275978983398982780        0000016204BECKEMEL0-NET  BECKER, MELANIE R.      0091803300000028
62227597898339480066570      0000263672ZEMANLAW0-NET  ZEMAN, LAWRENCE         0091803300000029
622275978983394800665        0000229812ZEMANLIN0-NET  ZEMAN, LINDA M.         0091803300000030
62227597898372827            0000126145ADAMSBUR0-NET  ADAMS, BURNESS W.       0091803300000031
62227597898367110            0000002500BOGNAJOS0-CREDIBOGNAR, JOSEPH M.       0091803300000032
62227597898383145            0000110957BOHL RAN0-NET  BOHL, RANDY E.          0091803300000033
62227597898352271            0000097468BOWLYMIC0-NET  BOWLYOU, MICHELLE L.    0091803300000034
622275978983389565459        0000130845DAVISWIL0-NET  DAVIS, WILLIAM DEAN     0091803300000035
632275978983388580144        0000007500SCHINJUD0-CREDISCHINDLER, JUDITH CARO  0091803300000036
6222759789830000050391       0000101165WESTBRAC0-NET  WESTBERG, RACHEL        0091803300000037
6322759789834577102          0000073834BOOKSRAC0-NET  BOOKS, RACHEL L         0091803300000038
6322759789830000076273       0000057278PINNEJAC0-NET  PINNEY, JACQUELYN L     0091803300000039
62227597898375000            0000063414HOGEBMIC0-NET  HOGEBOOM, MICHELLE R    0091803300000040
62227597898381735            0000073560WOJTYALY0-NET  WOJTYNA, ALYSSA         0091803300000041
63229188041131483000         0000159559JOHNSBRY0-NET  JOHNSON, BRYAN J.       0091803300000042
6222918804114562364416       0000056612HAUSEALE0-NET  HAUSE, ALEXIS D         0091803300000043
6222918804114560703037       0000064568PAULZAND0-NET  PAULZINE, ANDREA J      0091803300000044
6222918804114552288674       0000051146DAVISSTA0-NET  DAVIS, STACEY L         0091803300000045
6222918804114563380502       0000055393RICHACOU0-NET  RICHARDSON, COURTNEY M  0091803300000046
6222918804114561723216       0000088450TIMMEHEI0-NET  TIMMERS, HEIDI J        0091803300000047
622091804723298548           0000073494BOHL HEA0-NET  BOHL, HEATHER J         0091803300000048
622091806242355796           0000035346EVANSWYN0-NET  EVANS, WYNNAE A.        0091803300000049
622091806242309139           0000141319SCHINJUD0-NET  SCHINDLER, JUDITH CARO  0091803300000050
6220918062429010964          0000007250SCHINJUD0-HSA ESCHINDLER, JUDITH CARO  0091803300000051
622091806242405200           0000054892NORTHKAY0-NET  NORTH, KAYSA A          0091803300000052
622091905114356349           0000070995BAKERHEI0-NET  BAKER, HEIDI N          0091803300000053
6222750713304740012035       0000249575MARC CEC0-NET  MARC, CECILIA E.        0091803300000054
62227507133014740009783      0000122760KRANSLIN0-NET  KRANS, LINDA L.         0091803300000055
6222750713307604022715       0000068299LARSOJEN0-NET  LARSON, JENEE R         0091803300000056
6220750000510010185967       0000064517COBB MIK0-NET  COBB, MIKEL             0091803300000057
622091509468500348           0000143975STEVESAN0-NET  STEVENS, SANDRA K       0091803300000058
6222918805890766649842       0000123935WEIS CON0-NET  WEIS, CONNIE J.         0091803300000059
6222918805890832126817       0000008334WEIS CON0-HSA AWEIS, CONNIE J.         0091803300000060
6222918805890832126817       0000007250WEIS CON0-HSA EWEIS, CONNIE J.         0091803300000061
6222918805890408384857       0000094079ELWOOSPR0-NET  ELWOOD, SPRING J.       0091803300000062
6220759005752230550408       0000120015OLSONDOM0-NET  OLSON, DOMINIQUE        0091803300000063
63209180972800324291         0000058792STRZEJON0-NET  STRZELECKI, JONATHAN D  0091803300000064
622091807254202003074        0000046364SUKOPMIN0-NET  SUKOPP, MINDY-KAE       0091803300000065
62229188033020017908         0000068442DUCLOREB0-NET  DUCLON, REBECCA A       0091803300000066
622091808363388244           0000091327RAYMOANG0-NET  RAYMOND, ANGELA M       0091803300000067
622091810296417594           0000074428HERRMKEI0-NET  HERRMANN, KEITH D       0091803300000068
6220911141120213439          0000330893JOHNSMAR1-NET  JOHNSON, MARK           0091803300000069
62227507135649014846         0000218588FJELSKOL0-NET  FJELSTAD, KOLL D        0091803300000070
6221220002476124344299       0000063589JOHNSMEL0-NET  JOHNSON, MELISSA K      0091803300000071
62229188076720327588         0000073014MOYERTIF0-NET  MOYER, TIFFANI M        0091803300000072
6222960761528107433644       0000087981GRAY LIL0-NET  GRAY, LILLI ANN         0091803300000073
6270918033004009991          0005495469CASH ACCT-PAY  STERLING BANK           0091803300000074
820000007412643222280000054954690000054954691271758032                         091803300000000
9000001000008000000741264322228000005495469000005495469                                       
9999999999999999999999999999999999999999999999999999999999999999999999999999999999999999999999
9999999999999999999999999999999999999999999999999999999999999999999999999999999999999999999999
