101 065503681 0655036811202170910A094101HANCOCK BANK           MY COMPANY USA                 
5200MY COMPANY USA                      9123456789PPDPAYROLL   120220120220   1065503680000001
6230655033481111111          0000000000000001309      JOHN M SMITH            0065503680000001
63326557758511122333         0000000000000001309      JOHN M SMITH            0065503680000002
6230655033481234567899       0000000000000001309      JOHN M SMITH            0065503680000003
623065503681111222111        0000000000000001309      JOHN M SMITH            0065503680000004
62326557758511221122         0000000000000001536      HANNAH J BROWN          0065503680000005
623065503681112211222        0000000000000001536      HANNAH J BROWN          0065503680000006
6232653779761122331122       0000000000000001891      PETER PARKER            0065503680000007
6233130839921234123          0000000000000001983      JEFFERSON HALE          0065503680000008
820000000801371631160000000000000000000000009123456789                         065503680000001
9000001000002000000080137163116000000000000000000000000                                       
9999999999999999999999999999999999999999999999999999999999999999999999999999999999999999999999
9999999999999999999999999999999999999999999999999999999999999999999999999999999999999999999999
9999999999999999999999999999999999999999999999999999999999999999999999999999999999999999999999
9999999999999999999999999999999999999999999999999999999999999999999999999999999999999999999999
9999999999999999999999999999999999999999999999999999999999999999999999999999999999999999999999
9999999999999999999999999999999999999999999999999999999999999999999999999999999999999999999999
9999999999999999999999999999999999999999999999999999999999999999999999999999999999999999999999
9999999999999999999999999999999999999999999999999999999999999999999999999999999999999999999999
