101123456789 123456789 1702170810A094101PNC Bank               PNC Bank               Internal
5200Microsoft Inc.                      123456789 PPD                         1123456780000001
82000000000000000000000000000000000000000000123456789                          123456780000001
5200Microsoft Inc.                      123456789 PPD                         1123456780000002
82000000000000000000000000000000000000000000123456789                          123456780000002
9000002000001000000000000000000000000000000000000000000
9999999999999999999999999999999999999999999999999999999999999999999999999999999999999999999999
9999999999999999999999999999999999999999999999999999999999999999999999999999999999999999999999
9999999999999999999999999999999999999999999999999999999999999999999999999999999999999999999999
9999999999999999999999999999999999999999999999999999999999999999999999999999999999999999999999
